@article{ieeesoftwaresecurity,
    author={G. {McGraw}},
    journal={IEEE Security \& Privacy}, 
    title={Software security}, 
    year={2004},
    volume={2},
    number={2},
    pages={80-83},
    doi={10.1109/MSECP.2004.1281254}
}

@inproceedings{sasdlc,
    author={A. K. {Talukder} and V. K. {Maurya} and B. G. {Santhosh} and E. {Jangam} and S. V. {Muni} and K. P. {Jevitha} and S. {Saurabh} and A. R. {Pais}},
    booktitle={2009 IFIP International Conference on Wireless and Optical Communications Networks}, 
    title={Security-aware Software Development Life Cycle (SaSDLC) - Processes and tools}, 
    year={2009},
    pages={1--5},
    doi={10.1109/WOCN.2009.5010550}
}

@inproceedings{enhancing_software_security,
    author={A. R. {Shehab Farhan} and G. M. {Mostafa Mostafa}},
    booktitle={2018 21st Saudi Computer Society National Computer Conference (NCC)}, 
    title={A Methodology for Enhancing Software Security During Development Processes}, 
    year={2018},
    pages={1--6},
    doi={10.1109/NCG.2018.8593135}
}

@article{on_secure_software,
    title={On the secure software development process: CLASP, SDL and Touchpoints compared},
    journal={Information and Software Technology},
    volume={51},
    number={7},
    pages={1152--1171},
    year={2009},
    note={Special Section: Software Engineering for Secure Systems},
    issn={0950-5849},
    doi={https://doi.org/10.1016/j.infsof.2008.01.010},
    url={http://www.sciencedirect.com/science/article/pii/S0950584908000281},
    author={Bart {De Win} and Riccardo Scandariato and Koen Buyens and Johan Grégoire and Wouter Joosen},
}

@online{sdlc_phoenix,
    title={What is the Software Development Life Cycle?},
    author={Goran Jevtic},
    year={© 2019},
    url={https://phoenixnap.com/blog/software-development-life-cycle},
    urldate={2020-11-28}
}

@online{sdlc_tutorials_point,
    title={SDLC - Overview},
    author={Toturialspoint},
    year={© 2020},
    url={https://www.tutorialspoint.com/sdlc/sdlc_overview.htm},
    urldate={2020-11-28}
}

@online{sla,
    title={service-level agreement (SLA)},
    author={Margaret Rouse},
    year={© 2006--2020},
    url={https://searchitchannel.techtarget.com/definition/service-level-agreement},
    urldate={2020-11-28}
}

@article{microsoft_sdl,
    title={The Security Development Lifecycle (SDL): A Process for Developing Demonstrably More Secure Software},
    author={M. Howard, S. Lipner},
    journal={Microsoft Press},
    year={2006}
}

@online{owasp,
    title={Comprehensive, lightweight application security process},
    author={OWASP},
    year={© 2020},
    url={https://owasp.org/},
    urldate={2020-11-28}
}

@article{mcgraw2004software,
    title={Software security},
    author={McGraw, Gary},
    journal={IEEE Security \& Privacy},
    volume={2},
    number={2},
    pages={80--83},
    year={2004},
    publisher={IEEE}
}

@online{sdl_wiki,
    title={The Security Development LifeCycle},
    author={Luigi Bruno},
    year={© 2013},
    url={https://social.technet.microsoft.com/wiki/contents/articles/7100.the-security-development-lifecycle.aspx},
    urldate={2020-11-28}
}

@online{owasp_clasp,
    title={Developing Secure Applications with OWASP},
    author={Martin Knobloch},
    year={© 2020},
    url={https://owasp.org/www-pdf-archive/Developing_Secure_Applications_with_OWASP.pdf},
    urldate={2020-11-28}
}

@online{mcgraw_software_security,
    title={Software Security},
    author={Gary McGraw},
    year={© 2006},
    url={http://www.swsec.com/},
    urldate={2020-11-28}
}

@article{security_best_practices,
    author = {Yasar, Ansar-Ul-Haque and Preuveneers, Davy and Berbers, Yolande and Bhatti, Ghasan},
    year = {2008},
    month = {12},
    title = {Best practices for software security: An overview},
    doi = {10.1109/INMIC.2008.4777730}
}

@article{davis_secure_software,
    author={N. {Davis} and W. {Humphrey} and S. T. {Redwine} and G. {Zibulski} and G. {McGraw}},
    journal={IEEE Security   Privacy}, 
    title={Processes for producing secure software}, 
    year={2004},
    volume={2},
    number={3},
    pages={18-25},
    doi={10.1109/MSP.2004.21}
}

@article{razvan_best_practices,
    author = {Peteanu, Razvan},
    year = {2003},
    month = {03},
    title = {Best Practices for Secure Development}
}

@article{wheeler1999secure,
    title={Secure programming for Linux and Unix HOWTO},
    author={Wheeler, David A},
    year={1999},
    publisher={Citeseer}
}

@article{randell19961968,
  title={The 1968/69 nato software engineering reports},
  author={Randell, Brian},
  journal={History of Software Engineering},
  volume={37},
  year={1996},
  url={http://citeseerx.ist.psu.edu/viewdoc/download?doi=10.1.1.45.8087&rep=rep1&type=pdf#page=41},
  urldate={2020-11-28}
}
